@MISC{Lotte_topicalreview,
    author = {F Lotte and M Congedo and A LÃ©cuyer and F Lamarche},
    title = {TOPICAL REVIEW A Review of Classification Algorithms for EEG-based Brain-Computer Interfaces},
    year = {}
}

@MISC{kearns,
    author = {Michael Kearns},
    title = {Thoughts on hypothesis boosting},
    year = {1998}
}

@article{spam!,
author = {Lorrie Faith Cranor and Brian A. LaMacchia},
title = {Spam},
journal = {Communications of The ACM},
volume = {41},
year = {1998},
pages = {74--83},
doi = {10.1145/280324.280336},
masid = {6595370}
}

@article{lisp,
author = {Ross Ihaka and Duncan Temple Lang},
title = {Back to the Future: Lisp as a Base for a Statistical Computing System},
masid = {11470357}
}

@MISC{fletcher,
    author = {Tristan Fletcher},
    title = {Support vector machines explained},
}

@book{hastie01statisticallearning,
  address = {New York, NY, USA},
  author = {Trevor Hastie and Robert Tibshirani and Jerome Friedman},
  interhash = {d585aea274f2b9b228fc1629bc273644},
  intrahash = {f58afc5c9793fcc8ad8389824e57984c},
  publisher = {Springer New York Inc.},
  series = {Springer Series in Statistics},
  title = {The Elements of Statistical Learning},
  year = 2001,
  timestamp = {2008-05-16T16:17:42.000+0200},
  keywords = {ml statistics},
  added-at = {2008-05-16T16:17:42.000+0200},
  biburl = {http://www.bibsonomy.org/bibtex/2f58afc5c9793fcc8ad8389824e57984c/sb3000}
}

@MISC{bayes,
    author = {Wikipedia},
    title = {Wikipedia article on Naive Bayes},
}